@inproceedings{DBLP:conf/hybrid/WangGRJF16,
  author    = {Timothy E. Wang and
               Pierre{-}Lo{\"{\i}}c Garoche and
               Pierre Roux and
               Romain Jobredeaux and
               Eric Feron},
  title     = {Formal Analysis of Robustness at Model and Code Level},
  booktitle = {Proceedings of the 19th International Conference on Hybrid Systems:
               Computation and Control, {HSCC}},
  pages     = {125--134},
  year      = {2016},
}

@inproceedings{DBLP:conf/hybrid/RouxJG15,
  author    = {Pierre Roux and
               Romain Jobredeaux and
               Pierre{-}Lo{\"{\i}}c Garoche},
  title     = {Closed loop analysis of control command software},
  booktitle = {Proceedings of the 18th International Conference on Hybrid Systems:
               Computation and Control, HSCC},
  pages     = {108--117},
  year      = {2015},
}

@inproceedings{DBLP:conf/cdc/RavanbakhshS15,
  author    = {Hadi Ravanbakhsh and
               Sriram Sankaranarayanan},
  title     = {Counter-Example Guided Synthesis of control Lyapunov functions for
               switched systems},
  booktitle = {54th {IEEE} Conference on Decision and Control, {CDC}},
  pages     = {4232--4239},
  year      = {2015},
}